@article{mccabe:1976:complexity,
  title={A Complexity Measure},
  author={McCabe, Thomas J.},
  journal={IEEE Transactions on Software Engineering},
  metrics_journal={Transactions on Software Engineering},
  number={4},
  volume={2},
  pages={308--320},
  year={1976},
  publisher={IEEE}
}

@inproceedings{Falk:2016:wcet,
  author={Falk, H. and Altmeyer, S. and Hellinckx, P. and Lisper, B. and
    Puffitsch, W. and Rochange, C. and Schoeberl, M. and
    S{\o }rensen, {R. B.} and W{\"a}gemann, P. and Wegener, S.},
  booktitle={Proceedings of the 16th International Workshop on Worst-Case Execution Time Analysis (WCET '16)},
  title={{TACLeBench}: {A} Benchmark Collection to Support Worst-Case Execution Time Research},
  pages={1--10},
  year={2016},
}

@inproceedings{audsley:2004:assessment,
  author = {N. Audsley and I. Bate and C. {O'Halloran}},
  title = {An Assessment Framework for Automatic Code Generator Tools},
  booktitle = {Proceedings of the 22nd International System Safety Conference (ISSC '04)},
  pages = {665--674},
  year = {2004}
}

@inproceedings{gustafsson:2010:wcet,
  author = {J. Gustafsson and A. Betts and A. Ermedahl and B. Lisper},
  title = {The {M}{\"a}lardalen {WCET} Benchmarks: Past, Present and Future},
  booktitle = {Proceedings of the 10th International Workshop on Worst-Case Execution Time Analysis (WCET~'10)},
  pages = {136--146},
  year = {2010},
}

@online{llvm-test-suite,
  title         = {{LLVM} Testing Infrastructure Guide},
  author        = {{LLVM test suite}},
  year          = {2016},
  howpublished  = {\url{http://llvm.org/docs/TestingGuide.html}},
}

@inproceedings{chu:2011:symbolic,
  author = {Chu, D.-H. and Jaffar, J.},
  title = {Symbolic Simulation on Complicated Loops for {WCET} Path Analysis},
  booktitle = {Proceedings of the 9th International Conference on Embedded Software (EMSOFT '11)},
  year = {2011},
  pages = {319--328},
  numpages = {10},
}

@article{poovey:2009:characterization,
  author = {Poovey, Jason A. and Conte, Thomas M. and Levy, Markus and Gal-On, Shay},
  title = {A Benchmark Characterization of the {EEMBC} Benchmark Suite},
  journal = {IEEE Micro},
  volume = {29},
  number = {5},
  pages = {18--29},
  year = {2009}
}

@inproceedings{guthaus:2001:mibench,
  author = {Guthaus, M. R. and Ringenberg, J. S. and Ernst, D. and Austin, T. M. and Mudge, T. and Brown, R. B.},
  title = {{MiBench}: {A} Free, Commercially Representative Embedded Benchmark Suite},
  booktitle = {Proceedings of the International Workshop on Workload Characterization (WWC '01)},
  year = {2001},
  pages = {3--14},
  numpages = {12},
}

@article{Pallister2013,
  author  = {J. Pallister and S. J. Hollis and J. Bennett},
  title   = {{BEEBS}: {O}pen Benchmarks for Energy Measurements on Embedded Platforms},
  journal = {Computing Research Repository, arXiv},
  year    = {2013},
  pages = {1--12},
}

@inproceedings{hepp:2014:kps,
  title={The platin Tool Kit - The {T-CREST} Approach for Compiler and {WCET} Integration},
  neo_author={Hepp, Stefan and Huber, Benedikt and Prokesch, Daniel and Puschner, Peter},
  author={Hepp, S. and Huber, B. and Prokesch, D. and Puschner, P.},
  booktitle={Proceedings of the 18th Kolloquium Programmiersprachen und Grundlagen der Programmierung (KPS '15)},
  year={2015},
}

@inproceedings{puschner:2013:seus,
  author = {Puschner, Peter and Prokesch, Daniel and Huber, Benedikt and Knoop,
  Jens and Hepp, Stefan and Gebhard, Gernot},
  title = {The {T-CREST} Approach of Compiler and {WCET}-Analysis Integration},
  booktitle =  {Proceedings of the 9th Workshop on Software Technologies for Future Embedded and Ubiquitious Systems (SEUS '13)},
  year = {2013},
  pages = {33--40}
}

@article{schoeberl:2015:jsa,
  author = {M. Schoeberl and S. Abbaspour and B. Akesson and N. Audsley and R. Capasso and J. Garside and K. Goossens and S. Goossens and S. Hansen and R. Heckmann and S. Hepp and B. Huber and A. Jordan and E. Kasapaki and J. Knoop and Y. Li and D. Prokesch and W. Puffitsch and P. Puschner and A. Rocha and C. Silva and J. Spars{\o } and A. Tocchi},
  title = {{T-CREST}: {Time}-predictable Multi-Core Architecture for Embedded Systems},
  journal={Journal of Systems Architecture},
  volume={61},
  number={9},
  pages={449--471},
  year={2015},
}

@inproceedings{serebryany:2012:atc,
  title={{AddressSanitizer}: A Fast Address Sanity Checker.},
  author={Serebryany, Konstantin and Bruening, Derek and Potapenko, Alexander and Vyukov, Dmitriy},
  booktitle={Proceedings of the USENIX Annual Technical Conference (ATC '12)},
  pages={309--318},
  year={2012}
}

@inproceedings{cousot:2005:esop,
  title={The ASTR{\'E}E analyzer},
  author={Cousot, Patrick and Cousot, Radhia and Feret, Jer{\^o}me and Mauborgne, Laurent and Min{\'e}, Antoine and Monniaux, David and Rival, Xavier},
  booktitle={Esop},
  volume={5},
  pages={21--30},
  year={2005},
  organization={Springer}
}

@misc{clang-static-analyzer:website,
  title = {{Clang Static Analyzer}},
  howpublished = {\url{https://clang-analyzer.llvm.org/}}
}

@article{nethercote:2007:acm-sigplan,
  title={{Valgrind}: a framework for heavyweight dynamic binary instrumentation},
  author={Nethercote, Nicholas and Seward, Julian},
  journal={ACM Sigplan notices},
  volume={42},
  number={6},
  pages={89--100},
  year={2007},
  organization={ACM}
}

@inproceedings{waegemann:2017:rtas,
  author = {Peter W\"{a}gemann and Tobias Distler and Christian Eichler and Wolfgang Schr\"{o}der-Preikschat},
  title = {Benchmark Generation for Timing Analysis},
  booktitle = {Proceedings of the 23nd Real-Time and Embedded Technology and Applications Symposium (RTAS '17)},
  year = {2017},
}

@inproceedings{maeng:2006:rtcsa,
  author    = {Ji Chan Maeng and Jong{-}Hyuk Kim and Minsoo Ryu},
  title     = {An {RTOS} {API} Translator for Model-Driven Embedded Software Development},
  booktitle = {Proceedings of the 12th Conference on Embedded and Real-Time Computing Systems and Applications (RTCSA '06)},
  pages     = {363--367},
  year      = {2006},
}

@inproceedings{klaus:2014:ospert,
  author={Tobias Klaus and Florian Franzmann and Tobias Engelhard and Fabian Scheler and Wolfgang Schr{\"o}der-Preikschat},
  booktitle={Proceedings of the 10th Workshop on Operating Systems Platforms for Embedded Real-Time Applications (OSPERT '14)},
  title={Usable {RTOS-APIs}?},
  pages={61--66},
  year={2014},
}

@INPROCEEDINGS{jembench,
  author = {Martin Schoeberl and Thomas B. Preusser and Sascha Uhrig},
  title = {The Embedded {Java} Benchmark Suite {JemBench}},
  booktitle = {Proceedings of the 8th International Workshop on Java Technologies
	for Real-Time and Embedded Systems (JTRES 2010)},
  year = {2010},
  pages = {120--127},
  address = {New York, NY, USA},
  month = {August},
  publisher = {ACM},
  doi = {10.1145/1850771.1850789},
  isbn = {978-1-4503-0122-0},
  location = {Prague, Czech Republic},
  url = {http://www.jopdesign.com/doc/jembench.pdf}
}
