
@INPROCEEDINGS{wcet:bench:2012,
  author = {Jan Gustafsson and Adam Betts and Andreas Ermedahl and Bj{\"o}rn
	Lisper},
  title = {The M{\"a}lardalen WCET Benchmarks - Past, Present and Future},
  booktitle = {Proceedings of the 10th International Workshop on Worst-Case Execution
	Time Analysis},
  year = {2010},
  month = {July},
  url = {http://www.mrtc.mdh.se/index.php?choice=publications&id=2284}
}

